<record><leader>00000cas a22000007a 4500</leader><controlfield tag="001">19491917</controlfield><controlfield tag="008">890404d19111928ohuwr ne      0    0eng d</controlfield><datafield ind1=" " ind2=" " tag="010"><subfield code="a">sn 89077481 </subfield></datafield><datafield ind1=" " ind2=" " tag="040"><subfield code="a">NPH</subfield><subfield code="b">eng</subfield><subfield code="c">NPH</subfield><subfield code="d">ONP</subfield><subfield code="d">OCLCQ</subfield><subfield code="d">OCLCF</subfield><subfield code="d">OCLCO</subfield></datafield><datafield ind1="1" ind2=" " tag="029"><subfield code="a">AU@</subfield><subfield code="b">000020560151</subfield></datafield><datafield ind1=" " ind2=" " tag="042"><subfield code="a">msc</subfield></datafield><datafield ind1=" " ind2=" " tag="043"><subfield code="a">n-us-oh</subfield></datafield><datafield ind1="0" ind2=" " tag="130"><subfield code="a">Weekly budget (Sugarcreek, Ohio : 1911)</subfield></datafield><datafield ind1="1" ind2="4" tag="245"><subfield code="a">The Weekly budget.</subfield></datafield><datafield ind1=" " ind2=" " tag="260"><subfield code="a">Sugarcreek, Tuscarawas County, Ohio :</subfield><subfield code="b">Budget Pub. Co.,</subfield><subfield code="c">1911-1928.</subfield></datafield><datafield ind1=" " ind2=" " tag="300"><subfield code="a">v.</subfield></datafield><datafield ind1=" " ind2=" " tag="310"><subfield code="a">Weekly</subfield></datafield><datafield ind1="0" ind2=" " tag="362"><subfield code="a">Vol. 21, no. 67 (Jan. 5, 1911)-v. 39, no. 18 (Aug. 30, 1928).</subfield></datafield><datafield ind1=" " ind2="0" tag="650"><subfield code="a">Amish</subfield><subfield code="z">Ohio</subfield><subfield code="v">Newspapers.</subfield></datafield><datafield ind1=" " ind2="0" tag="650"><subfield code="a">Mennonites</subfield><subfield code="z">Ohio</subfield><subfield code="v">Newspapers.</subfield></datafield><datafield ind1=" " ind2="0" tag="651"><subfield code="a">Sugarcreek (Ohio)</subfield><subfield code="v">Newspapers.</subfield></datafield><datafield ind1=" " ind2="0" tag="651"><subfield code="a">Tuscarawas County (Ohio)</subfield><subfield code="v">Newspapers.</subfield></datafield><datafield ind1=" " ind2="7" tag="655"><subfield code="a">Newspapers.</subfield><subfield code="2">fast</subfield><subfield code="0">(OCoLC)fst01423814</subfield></datafield><datafield ind1=" " ind2="7" tag="650"><subfield code="a">Amish.</subfield><subfield code="2">fast</subfield><subfield code="0">(OCoLC)fst00807678</subfield></datafield><datafield ind1=" " ind2="7" tag="650"><subfield code="a">Mennonites.</subfield><subfield code="2">fast</subfield><subfield code="0">(OCoLC)fst01016181</subfield></datafield><datafield ind1=" " ind2="7" tag="651"><subfield code="a">Ohio.</subfield><subfield code="2">fast</subfield><subfield code="0">(OCoLC)fst01205075</subfield></datafield><datafield ind1=" " ind2="7" tag="651"><subfield code="a">Ohio</subfield><subfield code="z">Sugarcreek.</subfield><subfield code="2">fast</subfield><subfield code="0">(OCoLC)fst01297241</subfield></datafield><datafield ind1=" " ind2="7" tag="651"><subfield code="a">Ohio</subfield><subfield code="z">Tuscarawas County.</subfield><subfield code="2">fast</subfield><subfield code="0">(OCoLC)fst01214193</subfield></datafield><datafield ind1="2" ind2=" " tag="710"><subfield code="a">Mennonite Brethren Church of North America.</subfield></datafield><datafield ind1=" " ind2=" " tag="752"><subfield code="a">United States</subfield><subfield code="b">Ohio</subfield><subfield code="c">Tuscarawas</subfield><subfield code="d">Sugarcreek.</subfield></datafield><datafield ind1="0" ind2="0" tag="780"><subfield code="t">Semi weekly budget</subfield><subfield code="w">(DLC)sn 89077480</subfield></datafield><datafield ind1="0" ind2="0" tag="785"><subfield code="t">Budget (Sugarcreek, Ohio : 1928)</subfield><subfield code="w">(DLC)sn 89077482</subfield></datafield></record>